<?xml version="1.0" encoding="UTF-8"?><collection xmlns="http://www.loc.gov/MARC21/slim"><record><leader>00509nam--2200181-i-4500</leader><controlfield tag="001">000034775</controlfield><controlfield tag="002">20161230</controlfield><controlfield tag="005">20161230201040</controlfield><controlfield tag="008">060222s1000------------r-----000-0-eng-d</controlfield><datafield ind1=" " ind2=" " tag="040"><subfield code="a">IFIN-HH</subfield></datafield><datafield ind1=" " ind2=" " tag="080"><subfield code="a">548.4:539.3</subfield></datafield><datafield ind1="1" ind2=" " tag="100"><subfield code="a">Nabarro, F.R.N</subfield></datafield><datafield ind1="1" ind2="0" tag="245"><subfield code="a">Theory of crystal dislocations</subfield><subfield code="c">F.r.n. nabarro</subfield></datafield><datafield ind1=" " ind2=" " tag="260"><subfield code="a">Oxford</subfield><subfield code="b">At The Clarendon Press</subfield><subfield code="c">1967</subfield></datafield><datafield ind1=" " ind2=" " tag="300"><subfield code="a">XVII + 821P</subfield></datafield><datafield ind1=" " ind2=" " tag="490"><subfield code="a">The International Series Of Monographs On Physics</subfield></datafield><datafield ind1=" " ind2=" " tag="852"><subfield code="a">28074</subfield><subfield code="c">539.2</subfield></datafield><datafield ind1=" " ind2=" " tag="CAT"><subfield code="a">Sys</subfield><subfield code="c">20121015</subfield><subfield code="h">103937</subfield></datafield></record></collection>